@article{Lutsko1989, 
  author = {Lutsko, J F}, 
  title = {{Generalized expressions for the calculation of elastic constants by computer simulation}}, 
  issn = {0021-8979}, 
  doi = {10.1063/1.342716}, 
  pages = {2991--2997}, 
  number = {8}, 
  volume = {65}, 
  journal = {Journal of Applied Physics}, 
  year = {1989}
}
